@article{hall2018photon,
  title={Photon isolation and jet substructure},
  author={Hall, Zachary and Thaler, Jesse},
  journal={Journal of High Energy Physics},
  volume={2018},
  number={9},
  pages={1--24},
  year={2018},
  publisher={Springer}
}
@article{Sj_strand_2006,
	doi = {10.1088/1126-6708/2006/05/026},
  
	url = {https://doi.org/10.1088%2F1126-6708%2F2006%2F05%2F026},
  
	year = 2006,
	month = {may},
  
	publisher = {Springer Science and Business Media {LLC}
},
  
	volume = {2006},
  
	number = {05},
  
	pages = {026--026},
  
	author = {Torbjörn Sjöstrand and Stephen Mrenna and Peter Skands},
  
	title = {{PYTHIA} 6.4 physics and manual},
  
	journal = {Journal of High Energy Physics}
}
@article{Sj_strand_2015,
	doi = {10.1016/j.cpc.2015.01.024},
  
	url = {https://doi.org/10.1016%2Fj.cpc.2015.01.024},
  
	year = 2015,
	month = {jun},
  
	publisher = {Elsevier {BV}
},
  
	volume = {191},
  
	pages = {159--177},
  
	author = {Torbjörn Sjöstrand and Stefan Ask and Jesper R. Christiansen and Richard Corke and Nishita Desai and Philip Ilten and Stephen Mrenna and Stefan Prestel and Christine O. Rasmussen and Peter Z. Skands},
  
	title = {An introduction to {PYTHIA} 8.2},
  
	journal = {Computer Physics Communications}
}
@article{Cacciari_2012,
	doi = {10.1140/epjc/s10052-012-1896-2},
  
	url = {https://doi.org/10.1140%2Fepjc%2Fs10052-012-1896-2},
  
	year = 2012,
	month = {mar},
  
	publisher = {Springer Science and Business Media {LLC}
},
  
	volume = {72},
  
	number = {3},
  
	author = {Matteo Cacciari and Gavin P. Salam and Gregory Soyez},
  
	title = {{FastJet} user manual},
  
	journal = {The European Physical Journal C}
}